@misc{rfc1,
  author="Abdul Rehman and Labiba Gillani Fahad",
  title="{Real-Time Detection of Knives and Firearms using Deep Learning}",
  publisher="IEEE",
  organization="Internet Engineering Task Force",
  year=2022,
  month=oct,
    url="https://ieeexplore.ieee.org/document/9972915",
}

@misc{rfc2,
  author="Zhong-Qiu Zhao and Peng Zheng and Shou-tao Xu and Xindong Wu",
  title="Object Detection with Deep Learning: A Review",
  publisher="IETF",
  organization="Internet Engineering Task Force",
  year=2019,
  month=apr,
    url="https://arxiv.org/abs/1807.05511",
}

@misc{rfc3,
  author="Abdul Rehman and Labiba Gillani Fahad",
  title="Real-Time Detection of Knives and Firearms using Deep Learning",
  publisher="IETF",
  organization="Internet Engineering Task Force",
  year=2022,
  month=dec,
    url="https://ieeexplore.ieee.org/document/9972915",
}

@misc{rfc4,
  author="Muhammad Tahir Bhatti and MuhammadGufran Khan and Masood Aslam and Muhammad Junaid Fiaz",
  title="Weapon Detection in Real-Time CCTV Videos using Deep Learning",
  publisher="IETF",
  organization="Internet Engineering Task Force",
  year=2021,
  month=mar,
    url="https://ieeexplore.ieee.org/stamp/stamp.jsp?tp=&arnumber=9353483",
}

@misc{rfc5,
  author="Rajasekaran Thangaraj and Pavithra T and Pandiyan P and Uma Rani M and Balasubramaniam vadivelu",
  title="Real-Time Handgun Detection in Surveillance Videos based on Deep Learning Approach",
  publisher="IETF",
  organization="Internet Engineering Task Force",
  year=2022,
  month=may,
    url="https://ieeexplore.ieee.org/document/9793288",
}

@misc{rfc6,
  author="Shreyas Gawade and Dr. R. Vidhya and Dr. R. Radhika",
  title="Automatic Weapon Detection for surveillance applications",
  publisher="IETF",
  organization="Internet Engineering Task Force",
  year=2022,
  month=jun,
    url="https://papers.ssrn.com/sol3/papers.cfm?abstract_id=4143822",
}

@misc{rfc7,
  author="Rajat Shenoy and Deepak Yadav and Harshita Lakhotiya and Jignesh Sisodia",
  title="An Intelligent Framework for Crime Prediction Using Behavioural Tracking and Motion Analysis",
  publisher="IETF",
  organization="Internet Engineering Task Force",
  year=2022,
  month=mar,
    url="https://ieeexplore.ieee.org/document/9758281",
}

@misc{rfc8,
  author="Shrey Srivastava and Amit Vishvas Divekar and Chandu Anilkumar and Ishika Naik and Ved Kulkarni and V. Pattabiraman",
  title="Comparative analysis of deep learning image detection algorithms",
  publisher="IETF",
  organization="Internet Engineering Task Force",
  year=2021,
  month=may,
    url="https://journalofbigdata.springeropen.com/articles/10.1186/s40537-021-00434-w",
}

@misc{rfc9,
  author="Ravpreet Kaur and Sarbjeet Singh",
  title="A comprehensive review of object detection with deep learning",
  publisher="IETF",
  organization="Internet Engineering Task Force",
  year=2023,
  month=jan,
    url="https://www.sciencedirect.com/science/article/pii/S1051200422004298?ref=cra_js_challenge&fr=RR-1",
}

@misc{rfc10,
  author="Laith Alzubaidi and Jinglan Zhang and Amjad J. Humaidi and Ayad Al-Dujaili and Ye Duan and Omran Al-Shamma and J. Santamaría and Mohammed A. Fadhel and Muthana Al-Amidie and Laith Farhan",
  title="Review of deep learning: concepts, CNN architectures, challenges, applications, future directions",
  publisher="IETF",
  organization="Internet Engineering Task Force",
  year=2021,
  month=jan,
    url="https://www.sciencedirect.com/science/article/pii/S1051200422004298?ref=cra_js_challenge&fr=RR-1",
}

@misc{rfc11,
  author="Alberto Rizzoli",
  title="The Ultimate Guide to Object Detection",
  publisher="V7 Labs",
  organization="visited on 21/10/2023",
  year=2021,
  month=jun,
    url="https://www.v7labs.com/blog/object-detection-guide",
}

@misc{rfc12,
  author="James Gallagher",
  title="What is Object Detection? The Ultimate Guide.",
  publisher="Roboflow",
  organization="visited on 21/10/2023",
  year=2023,
  month=aug,
    url="https://blog.roboflow.com/object-detection/",
}

@misc{rfc13,
  author="Kemal Erdem",
  title="Understanding Region of Interest (RoI Pooling)",
  publisher="Kemal Erdem",
  organization="visited on 21/10/2023",
  year=2020,
  month=feb,
    url="https://erdem.pl/2020/02/understanding-region-of-interest-ro-i-pooling",
}

@misc{rfc14,
  author="Rohit Kundu",
  title="YOLO: Algorithm for Object Detection Explained [+Examples]",
  publisher="V7 Labs",
  organization="visited on 22/10/2023",
  year=2023,
  month=jan,
    url="https://www.v7labs.com/blog/yolo-object-detection",
}

@misc{rfc15,
  author="Great Learning Team",
  title="YOLO object detection using OpenCV",
  publisher="Great Learning",
  organization="visited on 21/10/2023",
  year=2022,
  month=mar,
    url="https://www.mygreatlearning.com/blog/yolo-object-detection-using-opencv/",
}

@misc{rfc16,
  author="COCO Dataset",
    url="https://cocodataset.org/#home",
}

@misc{rfc17,
  author="Fathima Safa and Suguna M",
  title="Subduing Crime and Threat in real-time by
detecting weapons using Yolov8",
  publisher="IEEE",
  organization="IEEE",
  year=2023,
  month=aug,
    url="https://ieeexplore.ieee.org/document/10245146",
}

@misc{rfc18,
  author="Maira Moran and Aura Conci and Ángel Sánchez",
  title="Automatic Detection of Knives in Complex
Scenes",
  publisher="Research Gate",
  organization="Research Gate",
  year=2022,
  month=sep,
    url="https://www.researchgate.net/publication/363407966_Automatic_Detection_of_Knives_in_Complex_Scenes",
}

@misc{rfc19,
  author="Amjed Al-Mousa and Omar Z. Alzaibaq and Yazan K. Abu Hashyeh",
  title="Deep Learning-Based Real-Time Weapon Detection System",
  publisher="International Journal of Computing and Digital Systems",
  organization="International Journal of Computing and Digital Systems",
  year=2023,
  month=aug,
    url="https://journal.uob.edu.bh/handle/123456789/4896",
}

@misc{rfc20,
  author="Narit Hnoohom and Pitchaya Chotivatunyu and Nagorn Maitrichit and Virach Sornlertlamvanich and Sakorn Mekruksavanich and Anuchit Jitpattanakul",
  title="Weapon Detection Using Faster R-CNN InceptionV2 for a CCTV Surveillance System",
  publisher="IEEE",
  organization="IEEE",
  year=2021,
  month=sep,
    url="https://ieeexplore.ieee.org/document/9684649",
}

@misc{rfc21,
  author="Petru Soviany and Radu Tudor Ionescu",
  title="Optimizing the Trade-off between Single-Stage and Two-Stage Deep Object Detectors using Image Difficulty Prediction",
  publisher="arxiv",
  organization="arxiv",
  year=2018,
  month=aug,
    url="https://arxiv.org/pdf/1803.08707.pdf",
}

@misc{rfc22,
  author="Zhengxia Zou and Keyan Chen and Zhenwei Shi and Yuhong Guo and Jieping Ye",
  title="Object Detection in 20 Years: A Survey",
  publisher="IEEE",
  organization="IEEE",
  year=2023,
  month=jan,
    url="https://ieeexplore.ieee.org/abstract/document/10028728",
}

@misc{rfc23,
  author="Manuel Carranza-García and Jesús Torres-Mateo and Pedro Lara-Benítez and Jorge García-Gutiérrez",
  title="On the Performance of One-Stage and Two-Stage Object Detectors in Autonomous Vehicles Using Camera Data",
  publisher="MDPI",
  organization="MDPI",
  year=2020,
  month=dec,
    url="https://www.mdpi.com/2072-4292/13/1/89",
}

@misc{rfc24,
  author="Rafael Padilla and Sergio L. Netto and Eduardo A. B. da Silva",
  title="A Survey on Performance Metrics for Object-Detection Algorithms",
  publisher="IEEE",
  organization="IEEE",
  year=2020,
  month=jul,
    url="https://ieeexplore.ieee.org/document/9145130",
}

@misc{rfc25,
  author="Rafael Padilla and Wesley L. Passos and Thadeu L. B. Dias and Sergio L. Netto and Eduardo A. B. da Silva",
  title="A Comparative Analysis of Object Detection Metrics with a Companion Open-Source Toolkit",
  publisher="MDPI",
  organization="MDPI",
  year=2021,
  month=jan,
    url="https://www.mdpi.com/2079-9292/10/3/279",
}

@misc{rfc26,
  title="Google Collab",
    url="https://colab.google/",
}

@misc{rfc27,
  title="PASCAL VOC Dataset",
    url="http://host.robots.ox.ac.uk/pascal/VOC/",
}

@misc{rfc28,
  title="IMFDB Dataset",
    url="https://imfdb.org/wiki/Main_Page",
}

@misc{rfc29,
  title="DaSCI Dataset",
    url="https://dasci.es/transferencia/open-data/24705/",
}

@misc{rfc30,
  title="CAVIAR Dataset",
    url="https://homepages.inf.ed.ac.uk/rbf/CAVIARDATA1/",
}

@misc{rfc31,
  author="FBI National Press Office",
  title="FBI Releases 2022 Crime in the Nation Statistics",
  publisher="FBI",
  organization="FBI",
  year=2023,
  month=oct,
    url="https://www.fbi.gov/news/press-releases/fbi-releases-2022-crime-in-the-nation-statistics",
}

@misc{rfc32,
  author="",
  title="World Population Review",
    url="https://worldpopulationreview.com/country-rankings/gun-ownership-by-country",
}

@misc{rfc33,
  author="Eric L. Piza and Brandon C. Welsh and David P. Farrington and Amanda L. Thomas",
  title="CCTV surveillance for crime prevention",
  publisher="Wiley",
  organization="Wiley",
  year=2019,
  month=march,
    url="https://onlinelibrary.wiley.com/doi/10.1111/1745-9133.12419#:~:text=Abstract%20Research%20Summary%20We%20report,were%20observed%20in%20car%20parks",
}

@misc{rfc34,
  author="Space Coast Daily",
  title="The Effectiveness of CCTV in Reducing Crime: Florida's Experience Explained",
  publisher="Space Coast Daily",
  organization="Space Coast Daily",
  year=2023,
  month=nov,
    url="https://spacecoastdaily.com/2023/11/the-effectiveness-of-cctv-in-reducing-crime-floridas-experience-explained/#:~:text=But%20where%20does%20Florida%20fit,according%20to%20certain%20studies",
}

@misc{rfc35,
  author="Manne Gerell",
  title="CCTV in deprived neighbourhoods - a short-time follow-up of effects on crime and crime clearance",
  publisher="Idunn",
  organization="Department of Criminology, Malmö University",
  year=2021,
  month=jul,
    url="https://www.idunn.no/doi/full/10.1080/2578983X.2020.1816023",
}

@misc{rfc36,
  author="Brandon C. Welsh and Eric L. Piza and  Amanda L. Thomas and David P. Farrington",
  title="Private Security and Closed-Circuit Television (CCTV) Surveillance:  A Systematic Review of Function and Performance",
  publisher="SAGE Publications",
  organization="Journal of Contemporary Criminal Justice",
  year=2020,
  month=feb,
    url="https://journals.sagepub.com/doi/epdf/10.1177/1043986219890192?src=getftr",
}

@misc{rfc37,
  author="FBI",
  title="Active Shooter Incidents in the United States in 2022",
  publisher="FBI",
  organization="FBI",
  year=2023,
  month=apr,
    url="https://www.fbi.gov/file-repository/active-shooter-incidents-in-the-us-2022-042623.pdf/view",
}

@misc{rfc38,
  author="Piotr Matczak and Andrzej Wójtowicz and Adam Dąbrowski and Krzysztof Mączka",
  title="Cost-Efectiveness of CCTV Surveillance Systems: Evidence from a Polish City",
  publisher="Springer",
  organization="European Journal on Criminal Policy and Research",
  year=2022,
  month=sep,
    url="https://link.springer.com/article/10.1007/s10610-022-09527-5",
}

@misc{rfc39,
  author="ATF",
  title="Rules and Regulations",
  publisher="ATF",
  organization="ATF",
  year=2022,
  month=oct,
    url="https://www.atf.gov/rules-and-regulations/gun-control-act",
}

@misc{rfc40,
  author="European Commission",
  title="EU legislation on civilian firearms",
  publisher="European Commission",
  organization="European Commission",
    url="https://home-affairs.ec.europa.eu/policies/internal-security/organised-crime-and-human-trafficking/trafficking-firearms/eu-legislation-civilian-firearms_en",
}

@misc{rfc44,
  author="A. Shoshani and R. Long and A. Landsberg",
  title="{Comments on NWG/RFC 33 and 36}",
  series="Request for Comments",
  number="44",
  howpublished="RFC 44",
  publisher="IETF",
  organization="Internet Engineering Task Force",
  year=1970,
  month=apr,
    url="http://www.ietf.org/rfc/rfc44.txt",
}